<?xml version="1.0" encoding="UTF-8"?><collection xmlns="http://www.loc.gov/MARC21/slim"><record><leader>00422nam--2200157-i-4500</leader><controlfield tag="001">000004246</controlfield><controlfield tag="002">20161230</controlfield><controlfield tag="005">20170209234536</controlfield><controlfield tag="008">060222s1000------------r-----000-0-eng-d</controlfield><datafield ind1=" " ind2=" " tag="100"><subfield code="a">Deutsch, Martin</subfield></datafield><datafield ind1=" " ind2=" " tag="245"><subfield code="a">Internal conversion and energies of lines from co60</subfield></datafield><datafield ind1=" " ind2=" " tag="260"><subfield code="a">Stockholm</subfield><subfield code="b">Almqvist &amp; Wiksells</subfield><subfield code="c">1950</subfield></datafield><datafield ind1=" " ind2=" " tag="300"><subfield code="a">7 p</subfield></datafield><datafield ind1=" " ind2=" " tag="490"><subfield code="a">Arkiv For Fysik</subfield></datafield><datafield ind1=" " ind2=" " tag="700"><subfield code="a">Siegbahn, Kai</subfield></datafield><datafield ind1=" " ind2=" " tag="CAT"><subfield code="a">SYS</subfield><subfield code="c">20170209</subfield><subfield code="h">234536</subfield></datafield></record></collection>